<?xml version="1.0" encoding="UTF-8"?><collection xmlns="http://www.loc.gov/MARC21/slim"><record><leader>00484nam--2200169-i-4500</leader><controlfield tag="001">000005308</controlfield><controlfield tag="002">20161230</controlfield><controlfield tag="005">20170127213033</controlfield><controlfield tag="008">060222s1000------------r-----000-0-eng-d</controlfield><datafield ind1=" " ind2=" " tag="100"><subfield code="a">Cagle, T. J</subfield></datafield><datafield ind1=" " ind2=" " tag="245"><subfield code="a">Nuclear safety analysis of a typical production line for high-fired uo2 at 5% u 235 isotopic composition</subfield></datafield><datafield ind1=" " ind2=" " tag="260"><subfield code="a">Oak Ridge, Tenn</subfield><subfield code="b">National Laboratory</subfield><subfield code="c">1959</subfield></datafield><datafield ind1=" " ind2=" " tag="300"><subfield code="a">69 p</subfield></datafield><datafield ind1=" " ind2=" " tag="490"><subfield code="a">Tid</subfield></datafield><datafield ind1=" " ind2=" " tag="700"><subfield code="a">Mee, W. T</subfield></datafield><datafield ind1=" " ind2=" " tag="852"><subfield code="a">11594</subfield></datafield><datafield ind1=" " ind2=" " tag="CAT"><subfield code="a">SYS</subfield><subfield code="c">20170127</subfield><subfield code="h">213033</subfield></datafield></record></collection>